<record><leader>00000cas a22000007a 4500</leader><controlfield tag="001">11941340</controlfield><controlfield tag="008">850419d17981805vauir ne      0    0eng c</controlfield><datafield ind1=" " ind2=" " tag="010"><subfield code="a">sn 85025829 </subfield></datafield><datafield ind1=" " ind2=" " tag="040"><subfield code="a">NPX</subfield><subfield code="b">eng</subfield><subfield code="c">NPX</subfield><subfield code="d">DLC</subfield><subfield code="d">NVF</subfield><subfield code="d">CNK</subfield><subfield code="d">MGN</subfield><subfield code="d">NVK</subfield><subfield code="d">OCL</subfield><subfield code="d">NVK</subfield><subfield code="d">OCLCQ</subfield><subfield code="d">OCLCG</subfield><subfield code="d">DLC</subfield><subfield code="d">KRTAS</subfield><subfield code="d">DLC</subfield><subfield code="d">OCLCQ</subfield><subfield code="d">OCLCA</subfield><subfield code="d">OCLCF</subfield></datafield><datafield ind1="1" ind2=" " tag="029"><subfield code="a">AU@</subfield><subfield code="b">000020123925</subfield></datafield><datafield ind1=" " ind2=" " tag="042"><subfield code="a">pcc</subfield></datafield><datafield ind1=" " ind2=" " tag="043"><subfield code="a">n-us-va</subfield></datafield><datafield ind1="0" ind2="0" tag="050"><subfield code="a">Newspaper</subfield></datafield><datafield ind1="0" ind2=" " tag="130"><subfield code="a">Norfolk herald (Norfolk, Va. : 1798)</subfield></datafield><datafield ind1="1" ind2="0" tag="245"><subfield code="a">Norfolk herald.</subfield></datafield><datafield ind1="1" ind2="3" tag="246"><subfield code="a">Norfolk herald, and daily advertiser</subfield><subfield code="f">&lt;Dec. 2-20, 1800&gt;</subfield></datafield><datafield ind1=" " ind2=" " tag="260"><subfield code="a">Norfolk [Va.] :</subfield><subfield code="b">Willett and O'Connor,</subfield><subfield code="c">-1805.</subfield></datafield><datafield ind1=" " ind2=" " tag="300"><subfield code="a">v. ;</subfield><subfield code="c">52 cm.</subfield></datafield><datafield ind1=" " ind2=" " tag="310"><subfield code="a">Triweekly,</subfield><subfield code="b">&lt;Dec. 22, 1800-1804&gt;</subfield></datafield><datafield ind1=" " ind2=" " tag="321"><subfield code="a">Triweekly,</subfield><subfield code="b">&lt;Feb. 22, 1798-Nov. 27, 1800&gt;</subfield></datafield><datafield ind1=" " ind2=" " tag="321"><subfield code="a">Daily,</subfield><subfield code="b">&lt;Dec. 2-20, 1800&gt;</subfield></datafield><datafield ind1="1" ind2=" " tag="362"><subfield code="a">Began Feb. 20, 1798.</subfield></datafield><datafield ind1="0" ind2=" " tag="362"><subfield code="a">-v. 11, no. 1465 (Feb. 16, 1805).</subfield></datafield><datafield ind1=" " ind2=" " tag="500"><subfield code="a">Published as: Norfolk herald and daily advertiser, &lt;Dec. 2-20, 1800&gt;.</subfield></datafield><datafield ind1=" " ind2=" " tag="525"><subfield code="a">Supplements accompany some issues.</subfield></datafield><datafield ind1=" " ind2=" " tag="530"><subfield code="a">Also issued on microfilm from Micro Photo Div., Bell &amp; Howell.</subfield></datafield><datafield ind1=" " ind2=" " tag="580"><subfield code="a">Weekly ed. published as: Norfolk weekly journal and country intelligencer. Cf. Brigham, C.S. Amer. Newspapers.</subfield></datafield><datafield ind1=" " ind2=" " tag="588"><subfield code="a">Description based on: Vol. 4, no. 385 (Feb. 22, 1798).</subfield></datafield><datafield ind1=" " ind2="0" tag="651"><subfield code="a">Norfolk (Va.)</subfield><subfield code="v">Newspapers.</subfield></datafield><datafield ind1=" " ind2="7" tag="655"><subfield code="a">Newspapers.</subfield><subfield code="2">fast</subfield><subfield code="0">(OCoLC)fst01423814</subfield></datafield><datafield ind1=" " ind2="7" tag="651"><subfield code="a">Virginia</subfield><subfield code="z">Norfolk.</subfield><subfield code="2">fast</subfield><subfield code="0">(OCoLC)fst01206844</subfield></datafield><datafield ind1="1" ind2=" " tag="700"><subfield code="a">Willett, Charles,</subfield><subfield code="d">-1807.</subfield></datafield><datafield ind1="1" ind2=" " tag="700"><subfield code="a">O'Connor, James,</subfield><subfield code="d">1759?-1819.</subfield></datafield><datafield ind1=" " ind2=" " tag="752"><subfield code="a">United States</subfield><subfield code="b">Virginia</subfield><subfield code="d">Norfolk.</subfield></datafield><datafield ind1="0" ind2="0" tag="780"><subfield code="t">Norfolk herald, &amp; public advertiser (Norfolk, Va. : 1796 : Triweekly)</subfield><subfield code="w">(DLC)sn 85025823</subfield></datafield><datafield ind1="0" ind2="0" tag="785"><subfield code="t">O'Connor's, Norfolk and Portsmouth herald</subfield><subfield code="w">(DLC)sn 85025824</subfield></datafield><datafield ind1="1" ind2=" " tag="787"><subfield code="t">Norfolk weekly journal and country intelligencer</subfield><subfield code="w">(DLC)sn 96096655</subfield></datafield><datafield ind1=" " ind2=" " tag="938"><subfield code="a">Kirtas Technologies, Inc.</subfield><subfield code="b">KRTS</subfield><subfield code="n">739132</subfield></datafield></record>